%% Created using Papers on Thu, 09 Jul 2015.
%% http://papersapp.com/papers/

@book{Anonymous:2001vm,
title = {{Middleware 2001}},
publisher = {Springer Berlin Heidelberg},
year = {2001}
}

@book{Anonymous:2009wo,
title = {{P2P Networking and Applications}},
publisher = {Elsevier},
year = {2009}
}

@book{Anonymous:epm_ukc_,
title = {{ACM SIGCOMM Computer Communication Review}},
publisher = {ACM}
}

@article{Aspnes:2007fo,
author = {Aspnes, James and Shah, Gauri},
title = {{Skip graphs}},
journal = {ACM Transactions on Algorithms (TALG)},
year = {2007},
volume = {3},
number = {4},
pages = {37--es},
month = nov
}

@book{Bharambe:2004kz,
author = {Bharambe, Ashwin R and Agrawal, Mukesh and Seshan, Srinivasan and Bharambe, Ashwin R and Agrawal, Mukesh and Seshan, Srinivasan},
title = {{Mercury: supporting scalable multi-attribute range queries}},
publisher = {ACM},
year = {2004},
volume = {34},
series = {supporting scalable multi-attribute range queries},
month = aug
}

@article{Chawathe:2005ey,
author = {Chawathe, Yatin and Ramabhadran, Sriram and Ratnasamy, Sylvia and LaMarca, Anthony and Shenker, Scott and Hellerstein, Joseph and Chawathe, Yatin and Ramabhadran, Sriram and Ratnasamy, Sylvia and LaMarca, Anthony and Shenker, Scott and Hellerstein, Joseph},
title = {{A case study in building layered DHT applications}},
journal = {ACM SIGCOMM Computer Communication Review},
year = {2005},
volume = {35},
number = {4},
pages = {97--108},
month = aug
}

@book{Desnoyers:2008uo,
author = {Desnoyers, Peter},
title = {{Distributed Data Collection: Archiving, Indexing, and Analysis}},
publisher = {ProQuest},
year = {2008}
}

@article{DuMouza:2007vj,
author = {Du Mouza, C and Litwin, W and Rigaux, P},
title = {{Sd-rtree: A scalable distributed rtree}},
journal = {Data Engineering},
year = {2007}
}

@article{Eppstein:2011fe,
author = {Eppstein, David and Goodrich, Michael T and SUN, JONATHAN Z},
title = {{SKIP QUADTREES: DYNAMIC DATA STRUCTURES FOR MULTIDIMENSIONAL POINT SETS}},
journal = {International Journal of Computational Geometry {\&}amp; Applications},
year = {2011},
volume = {18},
number = {01n02},
pages = {131--160},
month = nov
}

@article{Gkantsidis:2005gf,
author = {Gkantsidis, Christos and Rodriguez, Pablo Rodriguez},
title = {{Network coding for large scale content distribution}},
journal = {Proceedings IEEE 24th Annual Joint Conference of the IEEE Computer and Communications Societies.},
year = {2005},
volume = {4},
pages = {2235--2245 vol. 4}
}

@article{Johnson:2014il,
author = {Johnson, Don and Menezes, Alfred and Vanstone, Scott},
title = {{The Elliptic Curve Digital Signature Algorithm (ECDSA)}},
journal = {International Journal of Information Security},
year = {2014},
volume = {1},
number = {1},
pages = {36--63},
month = jan
}

@article{Meikle:2012wv,
author = {Meikle, R and Camp, J},
title = {{A global measurement study of context-based propagation and user mobility}},
journal = {Proceedings of the 4th ACM international workshop  {\ldots}},
year = {2012}
}

@article{Pearl:1986hc,
author = {Pearl, Judea},
title = {{Fusion, propagation, and structuring in belief networks}},
journal = {Artificial intelligence},
year = {1986},
volume = {29},
number = {3},
pages = {241--288},
month = sep
}

@book{Potke:2001wx,
author = {P{\"o}tke, Marco},
title = {{Spatial Indexing for Object Relational Databases}},
publisher = {Herbert Utz Verlag},
year = {2001}
}

@article{Ratnasamy:2001wn,
author = {Ratnasamy12, S and Francis, P and Handley, M and Karp12, R},
title = {{A scalable content-addressable network}},
year = {2001}
}

@book{Rhea:2005gq,
author = {Rhea, Sean and Godfrey, Brighten and Karp, Brad and Kubiatowicz, John and Ratnasamy, Sylvia and Shenker, Scott and Stoica, Ion and Yu, Harlan and Rhea, Sean and Godfrey, Brighten and Karp, Brad and Kubiatowicz, John and Yu, Harlan},
title = {{OpenDHT: a public DHT service and its uses}},
publisher = {ACM},
year = {2005},
volume = {35},
series = {a public DHT service and its uses},
month = oct
}

@incollection{Rowstron:2001ea,
author = {Rowstron, Antony and Druschel, Peter},
title = {{Pastry: Scalable, Decentralized Object Location, and Routing for Large-Scale Peer-to-Peer Systems}},
booktitle = {Middleware 2001},
year = {2001},
pages = {329--350},
publisher = {Springer Berlin Heidelberg},
address = {Berlin, Heidelberg}
}

@article{Stoica:2001dj,
author = {Stoica, Ion and Morris, Robert and Karger, David and Kaashoek, M Frans and Balakrishnan, Hari and Stoica, Ion and Morris, Robert and Karger, David and Kaashoek, M Frans and Balakrishnan, Hari},
title = {{Chord: A scalable peer-to-peer lookup service for internet applications}},
journal = {ACM SIGCOMM Computer Communication Review},
year = {2001},
volume = {31},
number = {4},
pages = {149--160},
month = aug
}

@article{Zhao:2001wj,
author = {Zhao, B Y and Kubiatowicz, J and Joseph, A D},
title = {{Tapestry: An infrastructure for fault-tolerant wide-area location and routing}},
year = {2001}
}

